
@book{rosner2012transport,
  title={Transport processes in chemically reacting flow systems},
  author={Rosner, Daniel E},
  year={2012},
  publisher={Courier Corporation}
}





@article{virga_database,
  title={Natasha Batalha and Mark Marley (2020) “Refractive Indices For Virga Exoplanet Cloud Model},
  author={Batalha, N and Marley, M},
  journal={Zenodo},
  year={2020},
  doi = {10.5281/zenodo.5179187},
  publisher={Zenodo}
}

@article{manzhelii1964densities,
  title={Densities of ammonia and methane in the solid state},
  author={Manzhelii, VG and Tolkachev, AM},
  journal={Soviet Physics-Solid State},
  volume={5},
  number={12},
  pages={2506--2510},
  year={1964},
  publisher={AMER INST PHYSICS CIRCULATION FULFILLMENT DIV, 500 SUNNYSIDE BLVD, WOODBURY~…}
}

@ARTICLE{2018JQSRT.205..127S,
       author = {{Sumlin}, Benjamin J. and {Heinson}, William R. and {Chakrabarty}, Rajan K.},
        title = "{Retrieving the aerosol complex refractive index using PyMieScatt: A Mie computational package with visualization capabilities}",
      journal = {JQSRT},
     keywords = {Aerosol optics, Mie theory, Python 3, Electromagnetic scattering and absorption, Open-source software, Physics - Optics, 78-04},
         year = 2018,
        month = jan,
       volume = {205},
        pages = {127-134},
          doi = {10.1016/j.jqsrt.2017.10.012},
archivePrefix = {arXiv},
       eprint = {1710.05288},
 primaryClass = {physics.optics},
       adsurl = {https://ui.adsabs.harvard.edu/abs/2018JQSRT.205..127S},
      adsnote = {Provided by the SAO/NASA Astrophysics Data System}
}

@article{ackerman2001precipitating,
  title={Precipitating condensation clouds in substellar atmospheres},
  author={Ackerman, Andrew S and Marley, Mark S},
  journal={The Astrophysical Journal},
  volume={556},
  number={2},
  pages={872},
  year={2001},
  publisher={IOP Publishing}
}


@incollection{pruppacher2010microstructure,
  title={Microstructure of atmospheric clouds and precipitation},
  author={Pruppacher, Hans R and Klett, James D},
  booktitle={Microphysics of clouds and precipitation},
  pages={10--73},
  year={2010},
  publisher={Springer}
}


@article{malkmus1967random,
  title={Random Lorentz band model with exponential-tailed S- 1 line-intensity distribution function},
  author={Malkmus, Wo},
  journal={Journal of the Optical Society of America},
  volume={57},
  number={3},
  pages={323--329},
  year={1967},
  publisher={Optical Society of America}
}

@ARTICLE{1991JGR....96.9027L,
       author = {{Lacis}, A.~A. and {Oinas}, V.},
        title = "{A description of the correlated-k distribution method for modelling nongray gaseous absorption, thermal emission, and multiple scattering in vertically inhomogeneous atmospheres}",
      journal = {JGR},
         year = 1991,
        month = may,
       volume = {96},
        pages = {9027-9064},
          doi = {10.1029/90JD01945},
       adsurl = {https://ui.adsabs.harvard.edu/abs/1991JGR....96.9027L},
      adsnote = {Provided by the SAO/NASA Astrophysics Data System}
}



@ARTICLE{1989JQSRT..42..539G,
       author = {{Goody}, Richard and {West}, Robert and {Chen}, Luke and {Crisp}, David},
        title = "{The correlated-k method for radiation calculations in nonhomogeneous atmospheres.}",
      journal = {JQSRT},
     keywords = {Aerosols, Atmospheric Radiation, Gas Composition, Optical Properties, Planetary Atmospheres, Atmospheric Scattering, Carbon Dioxide, Ozone, Water, Thermodynamics and Statistical Physics, Radiative Transfer: Atmospheres},
         year = 1989,
        month = dec,
       volume = {42},
        pages = {539-550},
          doi = {10.1016/0022-4073(89)90044-7},
       adsurl = {https://ui.adsabs.harvard.edu/abs/1989JQSRT..42..539G},
      adsnote = {Provided by the SAO/NASA Astrophysics Data System}
}


@book{liou2002introduction,
  title={An introduction to atmospheric radiation},
  volume={84},
  year={2002},
  publisher={Elsevier}
}



@article{van2021discrete,
  title={A discrete integral transform for rapid spectral synthesis},
  author={van den Bekerom, DCM and Pannier, E},
  journal={Journal of Quantitative Spectroscopy and Radiative Transfer},
  volume={261},
  pages={107476},
  year={2021},
  publisher={Elsevier}
}


@ARTICLE{2011arXiv1106.0151Z,
       author = {{Zaghloul}, Mofreh R. and {Ali}, Ahmed N.},
        title = "{Algorithm 916: computing the Faddeyeva and Voigt functions}",
      journal = {arXiv e-prints},
     keywords = {Computer Science - Numerical Analysis, Mathematical Physics},
         year = 2011,
        month = jun,
          eid = {arXiv:1106.0151},
        pages = {arXiv:1106.0151},
archivePrefix = {arXiv},
       eprint = {1106.0151},
 primaryClass = {cs.NA},
       adsurl = {https://ui.adsabs.harvard.edu/abs/2011arXiv1106.0151Z},
      adsnote = {Provided by the SAO/NASA Astrophysics Data System}
}


@article{shepherd1981chebyshev,
  title="{Chebyshev approximation of}",
  author={{Shepherd}, MM and {Laframboise}, JG},
  journal={Mathematics of Computation},
  volume={36},
  number={153},
  pages={249--253},
  year={1981}
}


@MISC{2019ascl.soft05002S,
       author = {{Schreier}, Franz and {Gimeno Garc{\'\i}a}, Sebastian and {Hochstaffl}, Philipp and {St{\"a}dt}, Steffen},
        title = "{Py4CAtS: PYthon for Computational ATmospheric Spectroscopy}",
     keywords = {Software},
         year = 2019,
        month = may,
          eid = {ascl:1905.002},
        pages = {ascl:1905.002},
archivePrefix = {ascl},
       eprint = {1905.002},
       adsurl = {https://ui.adsabs.harvard.edu/abs/2019ascl.soft05002S},
      adsnote = {Provided by the SAO/NASA Astrophysics Data System}
}

@article{poppe1990algorithm,
  title={Algorithm 680: evaluation of the complex error function},
  author={Poppe, GPM and Wijers, Christianus MJ},
  journal={ACM Transactions on Mathematical Software (TOMS)},
  volume={16},
  number={1},
  pages={47},
  year={1990},
  publisher={ACM New York, NY, USA}
}


@ARTICLE{2023PSJ.....4...10R,
       author = {{Robinson}, Tyler D. and {Salvador}, Arnaud},
        title = "{Exploring and Validating Exoplanet Atmospheric Retrievals with Solar System Analog Observations}",
      journal = {PSJ},
     keywords = {Remote sensing, Radiative transfer simulations, Exoplanets, Earth (planet), Titan, 2191, 1967, 498, 439, 2186, Astrophysics - Earth and Planetary Astrophysics, Astrophysics - Instrumentation and Methods for Astrophysics},
         year = 2023,
        month = jan,
       volume = {4},
       number = {1},
          eid = {10},
        pages = {10},
          doi = {10.3847/PSJ/acac9a},
archivePrefix = {arXiv},
       eprint = {2204.04231},
 primaryClass = {astro-ph.EP},
       adsurl = {https://ui.adsabs.harvard.edu/abs/2023PSJ.....4...10R},
      adsnote = {Provided by the SAO/NASA Astrophysics Data System}
}



@ARTICLE{1987JQSRT..38..325O,
       author = {{Olson}, G.~L. and {Kunasz}, P.~B.},
        title = "{Short characteristic solution of the non-LTE transfer problem by operator perturbation. I. The one-dimensional planar slab.}",
      journal = {JQSRT},
     keywords = {Radiative Transfer:Non-LTE Models},
         year = 1987,
        month = jan,
       volume = {38},
       number = {5},
        pages = {325-336},
          doi = {10.1016/0022-4073(87)90027-6},
       adsurl = {https://ui.adsabs.harvard.edu/abs/1987JQSRT..38..325O},
      adsnote = {Provided by the SAO/NASA Astrophysics Data System}
}



@ARTICLE{1938ApJ....88..508H,
       author = {{Hjerting}, F.},
        title = "{Tables Facilitating the Calculation of Line Absorption Coefficients.}",
      journal = {ApJ},
         year = 1938,
        month = nov,
       volume = {88},
        pages = {508},
          doi = {10.1086/144000},
       adsurl = {https://ui.adsabs.harvard.edu/abs/1938ApJ....88..508H},
      adsnote = {Provided by the SAO/NASA Astrophysics Data System}
}

@ARTICLE{2024arXiv240314606B,
       author = {{Blondel}, Mathieu and {Roulet}, Vincent},
        title = "{The Elements of Differentiable Programming}",
      journal = {arXiv e-prints},
     keywords = {Machine Learning, Artificial Intelligence, Programming Languages},
         year = 2024,
        month = mar,
          eid = {arXiv:2403.14606},
        pages = {arXiv:2403.14606},
          doi = {10.48550/arXiv.2403.14606},
archivePrefix = {arXiv},
       eprint = {2403.14606},
 primaryClass = {stat.ML},
       adsurl = {https://ui.adsabs.harvard.edu/abs/2024arXiv240314606B},
      adsnote = {Provided by the SAO/NASA Astrophysics Data System}
}



@article{kingma2015adam,
  title={Adam: A method for stochastic optimization},
  author={Kingma, Diederik P. and Ba, Jimmy},
  journal={International Conference on Learning Representations (ICLR)},
  year={2015},
  url={https://arxiv.org/abs/1412.6980}
}
@ARTICLE{2018JQSRT.211...78R,
       author = {{Robinson}, Tyler D. and {Crisp}, David},
        title = "{Linearized Flux Evolution (LiFE): A technique for rapidly adapting fluxes from full-physics radiative transfer models}",
      journal = {JQSRT},
     keywords = {Earth Science, Astrophysics - Earth and Planetary Astrophysics},
         year = 2018,
        month = may,
       volume = {211},
        pages = {78-95},
          doi = {10.1016/j.jqsrt.2018.03.002},
archivePrefix = {arXiv},
       eprint = {1803.02378},
 primaryClass = {astro-ph.EP},
       adsurl = {https://ui.adsabs.harvard.edu/abs/2018JQSRT.211...78R},
      adsnote = {Provided by the SAO/NASA Astrophysics Data System}
}

@book{heng2017exoplanetary,
  title={Exoplanetary Atmospheres},
  author={Heng, Kevin},
  year={2017},
  publisher={Princeton University Press}
}

@ARTICLE{1989JGR....9416287T,
       author = {{Toon}, Owen B. and {McKay}, C.~P. and {Ackerman}, T.~P. and {Santhanam}, K.},
        title = "{Rapid calculation of radiative heating rates and photodissociation rates in inhomogeneous multiple scattering atmospheres}",
      journal = {JGR},
     keywords = {Atmospheric Scattering, Photodissociation, Radiative Heat Transfer, Algorithms, Inhomogeneity, Photolysis, Solar Flux, Geophysics},
         year = 1989,
        month = nov,
       volume = {94},
        pages = {16287-16301},
          doi = {10.1029/JD094iD13p16287},
       adsurl = {https://ui.adsabs.harvard.edu/abs/1989JGR....9416287T},
      adsnote = {Provided by the SAO/NASA Astrophysics Data System}
}

@ARTICLE{1980JAtS...37..630M,
       author = {{Meador}, W.~E. and {Weaver}, W.~R.},
        title = "{Two-stream approximations to radiative transfer in planetary atmospheres: a unified description of existing methods and a new improvement.}",
      journal = {Journal of Atmospheric Sciences},
     keywords = {Atmospheric Stratification, Planetary Atmospheres, Radiative Transfer, Approximation, Delta Function, Differential Equations, Integral Equations, Quadratures, Geophysics, Planetary Atmospheres:Radiative Transfer},
         year = 1980,
        month = mar,
       volume = {37},
        pages = {630-643},
          doi = {},
       adsurl = {https://ui.adsabs.harvard.edu/abs/1980JAtS...37..630M},
      adsnote = {Provided by the SAO/NASA Astrophysics Data System}
}


@techreport{gordon1994computer,
  title={Computer program for calculation of complex chemical equilibrium compositions and applications. Part 1: Analysis},
  author={Gordon, Sanford and McBride, Bonnie J},
  year={1994}
}
@ARTICLE{2024arXiv241207166G,
       author = {{Gibbons}, Nicholas N.},
        title = "{equilibrium-c: A Lightweight Modern Equilibrium Chemistry Calculator for Hypersonic Flow Applications}",
      journal = {arXiv e-prints},
     keywords = {Computer Science - Computational Engineering, Finance, and Science},
         year = 2024,
        month = dec,
          eid = {arXiv:2412.07166},
        pages = {arXiv:2412.07166},
          doi = {10.48550/arXiv.2412.07166},
archivePrefix = {arXiv},
       eprint = {2412.07166},
 primaryClass = {cs.CE},
       adsurl = {https://ui.adsabs.harvard.edu/abs/2024arXiv241207166G},
      adsnote = {Provided by the SAO/NASA Astrophysics Data System}
}

@article{whitebook2024discovery,
  title={Discovery of the Binarity of Gliese 229B, and Constraints on the System's Properties},
  author={Whitebook, Samuel and Brandt, Timothy D and Brandt, G Mirek and Martin, Emily C},
  journal={ApJl},
  volume={974},
  number={2},
  pages={L30},
  year={2024},
  publisher={IOP Publishing}
}


@ARTICLE{2025ApJ...988...31L,
       author = {{Lueber}, Anna and {Burgasser}, Adam J.},
        title = "{Comparing Grid Model Fitting Methodologies for Low-temperature Atmospheres: Markov Chain Monte Carlo versus Random Forest Retrieval}",
      journal = {ApJ},
     keywords = {Brown dwarfs, L dwarfs, T dwarfs, Stellar atmospheres, Random Forests, 185, 894, 1679, 1584, 1935, Earth and Planetary Astrophysics, Instrumentation and Methods for Astrophysics, Solar and Stellar Astrophysics},
         year = 2025,
        month = jul,
       volume = {988},
       number = {1},
          eid = {31},
        pages = {31},
          doi = {10.3847/1538-4357/addd06},
archivePrefix = {arXiv},
       eprint = {2505.19993},
 primaryClass = {astro-ph.EP},
       adsurl = {https://ui.adsabs.harvard.edu/abs/2025ApJ...988...31L},
      adsnote = {Provided by the SAO/NASA Astrophysics Data System}
}



@ARTICLE{2025ApJ...985..263K,
       author = {{Kawahara}, Hajime and {Kawashima}, Yui and {Tada}, Shotaro and {Ishikawa}, Hiroyuki Tako and {Hosokawa}, Ko and {Kasagi}, Yui and {Kotani}, Takayuki and {Masuda}, Kento and {Nugroho}, Stevanus K. and {Tamura}, Motohide and {Yama}, Hibiki and {Kitzmann}, Daniel and {Minesi}, Nicolas and {Morris}, Brett M.},
        title = "{Differentiable Modeling of Planet and Substellar Atmosphere: High-resolution Emission, Transmission, and Reflection Spectroscopy with ExoJAX2}",
      journal = {ApJ},
     keywords = {Exoplanet atmospheres, High resolution spectroscopy, Brown dwarfs, Markov chain Monte Carlo, 487, 2096, 185, 1889, Earth and Planetary Astrophysics, Instrumentation and Methods for Astrophysics, Solar and Stellar Astrophysics},
         year = 2025,
        month = jun,
       volume = {985},
       number = {2},
          eid = {263},
        pages = {263},
          doi = {10.3847/1538-4357/adcba2},
archivePrefix = {arXiv},
       eprint = {2410.06900},
 primaryClass = {astro-ph.EP},
       adsurl = {https://ui.adsabs.harvard.edu/abs/2025ApJ...985..263K},
      adsnote = {Provided by the SAO/NASA Astrophysics Data System}
}



@ARTICLE{2020ApJ...900...48K,
       author = {{Kawahara}, Hajime and {Masuda}, Kento},
        title = "{Bayesian Dynamic Mapping of an Exo-Earth from Photometric Variability}",
      journal = {ApJ},
     keywords = {Exoplanet surface characteristics, Exoplanet surface variability, Exoplanet surfaces, Exoplanet astronomy, Direct imaging, Bayesian statistics, Computational methods, 496, 2023, 2113, 486, 387, 1900, 1965, Astrophysics - Earth and Planetary Astrophysics, Astrophysics - Instrumentation and Methods for Astrophysics, Statistics - Methodology},
         year = 2020,
        month = sep,
       volume = {900},
       number = {1},
          eid = {48},
        pages = {48},
          doi = {10.3847/1538-4357/aba95e},
archivePrefix = {arXiv},
       eprint = {2007.13096},
 primaryClass = {astro-ph.EP},
       adsurl = {https://ui.adsabs.harvard.edu/abs/2020ApJ...900...48K},
      adsnote = {Provided by the SAO/NASA Astrophysics Data System}
}



@ARTICLE{2025ApJ...988...53K,
       author = {{Kawashima}, Yui and {Kawahara}, Hajime and {Kasagi}, Yui and {Ishikawa}, Hiroyuki Tako and {Masuda}, Kento and {Kotani}, Takayuki and {Kudo}, Tomoyuki and {Hirano}, Teruyuki and {Kuzuhara}, Masayuki and {Nugroho}, Stevanus K. and {Livingston}, John and {Harakawa}, Hiroki and {Nishikawa}, Jun and {Omiya}, Masashi and {Takarada}, Takuya and {Tamura}, Motohide and {Ueda}, Akitoshi},
        title = "{Atmospheric Retrieval of Subaru/IRD High-resolution Spectrum of the Archetype T-type Brown Dwarf Gl 229 B}",
      journal = {ApJ},
     keywords = {Brown dwarfs, T dwarfs, Exoplanet atmospheres, High resolution spectroscopy, Molecular spectroscopy, 185, 1679, 487, 2096, 2095, Earth and Planetary Astrophysics, Solar and Stellar Astrophysics},
         year = 2025,
        month = jul,
       volume = {988},
       number = {1},
          eid = {53},
        pages = {53},
          doi = {10.3847/1538-4357/adddbd},
archivePrefix = {arXiv},
       eprint = {2410.11561},
 primaryClass = {astro-ph.EP},
       adsurl = {https://ui.adsabs.harvard.edu/abs/2025ApJ...988...53K},
      adsnote = {Provided by the SAO/NASA Astrophysics Data System}
}


@ARTICLE{2024JQSRT.31608897K,
       author = {{Kefala}, Kyriaki and {Boudon}, Vincent and {Yurchenko}, Sergei N. and {Tennyson}, Jonathan},
        title = "{Empirical rovibrational energy levels for methane}",
      journal = {JQSRT},
     keywords = {Rovibrational energy levels, MARVEL, Methane, $^{12}$C$^{1}$H$_{4}$, Line list, ExoMol},
         year = 2024,
        month = apr,
       volume = {316},
          eid = {108897},
        pages = {108897},
          doi = {10.1016/j.jqsrt.2024.108897},
       adsurl = {https://ui.adsabs.harvard.edu/abs/2024JQSRT.31608897K},
      adsnote = {Provided by the SAO/NASA Astrophysics Data System}
}



@ARTICLE{2018ApJ...866...99B,
   author = {{Berger}, T.~A. and {Huber}, D. and {Gaidos}, E. and {van Saders}, J.~L.
	},
    title = "{Revised Radii of Kepler Stars and Planets Using Gaia Data Release 2}",
  journal = {\apj},
archivePrefix = "arXiv",
   eprint = {1805.00231},
 primaryClass = "astro-ph.EP",
 keywords = {catalogs, planetary systems, stars: fundamental parameters, techniques: photometric},
     year = 2018,
    month = oct,
   volume = 866,
      eid = {99},
    pages = {99},
      doi = {10.3847/1538-4357/aada83},
   adsurl = {http://adsabs.harvard.edu/abs/2018ApJ...866...99B},
  adsnote = {Provided by the SAO/NASA Astrophysics Data System}
}




@ARTICLE{2015ApJ...809....8B,
       author = {{Burke}, Christopher J. and {Christiansen}, Jessie L. and
         {Mullally}, F. and {Seader}, Shawn and {Huber}, Daniel and
         {Rowe}, Jason F. and {Coughlin}, Jeffrey L. and {Thompson}, Susan E. and
         {Catanzarite}, Joseph and {Clarke}, Bruce D. and {Morton}, Timothy D. and
         {Caldwell}, Douglas A. and {Bryson}, Stephen T. and {Haas}, Michael R. and
         {Batalha}, Natalie M. and {Jenkins}, Jon M. and {Tenenbaum}, Peter and
         {Twicken}, Joseph D. and {Li}, Jie and {Quintana}, Elisa and
         {Barclay}, Thomas and {Henze}, Christopher E. and
         {Borucki}, William J. and {Howell}, Steve B. and {Still}, Martin},
        title = "{Terrestrial Planet Occurrence Rates for the Kepler GK Dwarf Sample}",
      journal = {\apj},
     keywords = {catalogs, eclipses, methods: statistical, planetary systems, space vehicles, surveys, Astrophysics - Earth and Planetary Astrophysics},
         year = "2015",
        month = "Aug",
       volume = {809},
          eid = {8},
        pages = {8},
          doi = {10.1088/0004-637X/809/1/8},
archivePrefix = {arXiv},
       eprint = {1506.04175},
 primaryClass = {astro-ph.EP},
       adsurl = {https://ui.adsabs.harvard.edu/\#abs/2015ApJ...809....8B},
      adsnote = {Provided by the SAO/NASA Astrophysics Data System}
}

@book{sarkka2013bayesian,
  title={Bayesian filtering and smoothing},
  author={S{\"a}rkk{\"a}, Simo},
  volume={3},
  year={2013},
  publisher={Cambridge University Press}
}

@Book{Bishop:2006,
  author =       "Bishop, Christopher M.",
  title =        "Pattern Recognition and Machine Learning",
  publisher =    "Springer",
  year =         "2006",
  ISBN =         "978-0387-31073-2",
  url = "http://research.microsoft.com/en-us/um/people/cmbishop/prml/",
  bib2html_rescat = "General ML",
}
@ARTICLE{2018arXiv180209650F,
       author = {{Fan}, Y. and {Sisson}, S.~A.},
        title = "{ABC Samplers}",
      journal = {arXiv e-prints},
     keywords = {Statistics - Computation, Statistics - Methodology, Statistics - Machine Learning},
         year = "2018",
        month = "Feb",
          eid = {arXiv:1802.09650},
        pages = {arXiv:1802.09650},
archivePrefix = {arXiv},
       eprint = {1802.09650},
 primaryClass = {stat.CO},
       adsurl = {https://ui.adsabs.harvard.edu/\#abs/2018arXiv180209650F},
      adsnote = {Provided by the SAO/NASA Astrophysics Data System}
}


@article{turner2012tutorial,
  title={A tutorial on approximate Bayesian computation},
  author={Turner, Brandon M and Van Zandt, Trisha},
  journal={Journal of Mathematical Psychology},
  volume={56},
  number={2},
  pages={69--85},
  year={2012},
  publisher={Elsevier}
}

@article {16889,
	title = {Correction for Sisson et al., Sequential Monte Carlo without likelihoods},
	author = {{Sisson}, S.~A. and {Fan}, Y. and {Tanaka}, M.~M.},
	volume = {106},
	number = {39},
	pages = {16889--16889},
	year = {2009},
	doi = {10.1073/pnas.0908847106},
	publisher = {National Academy of Sciences},
	issn = {0027-8424},
	URL = {https://www.pnas.org/content/106/39/16889.1},
	eprint = {https://www.pnas.org/content/106/39/16889.1.full.pdf},
	journal = {Proceedings of the National Academy of Sciences}
}

@ARTICLE{2017A&C....19...16J,
       author = {{Jennings}, E. and {Madigan}, M.},
        title = "{astroABC : An Approximate Bayesian Computation Sequential Monte Carlo sampler for cosmological parameter estimation}",
      journal = {Astronomy and Computing},
     keywords = {Cosmology, Theory cosmology, Cosmological parameters galaxies, Statistics methods, Statistical (stars), Supernovae, Astrophysics - Instrumentation and Methods for Astrophysics, Statistics - Applications},
         year = "2017",
        month = "Apr",
       volume = {19},
        pages = {16-22},
          doi = {10.1016/j.ascom.2017.01.001},
archivePrefix = {arXiv},
       eprint = {1608.07606},
 primaryClass = {astro-ph.IM},
       adsurl = {https://ui.adsabs.harvard.edu/\#abs/2017A&C....19...16J},
      adsnote = {Provided by the SAO/NASA Astrophysics Data System}
}

@ARTICLE{2015A&C....13....1I,
       author = {{Ishida}, E.~E.~O. and {Vitenti}, S.~D.~P. and {Penna-Lima}, M. and
         {Cisewski}, J. and {de Souza}, R.~S. and {Trindade}, A.~M.~M. and
         {Cameron}, E. and {Busti}, V.~C. and {COIN Collaboration}},
        title = "{COSMOABC: Likelihood-free inference via Population Monte Carlo Approximate Bayesian Computation}",
      journal = {Astronomy and Computing},
     keywords = {Galaxies: statistics, (cosmology:) large-scale structure of universe, Astrophysics - Cosmology and Nongalactic Astrophysics, Astrophysics - Instrumentation and Methods for Astrophysics},
         year = "2015",
        month = "Nov",
       volume = {13},
        pages = {1-11},
          doi = {10.1016/j.ascom.2015.09.001},
archivePrefix = {arXiv},
       eprint = {1504.06129},
 primaryClass = {astro-ph.CO},
       adsurl = {https://ui.adsabs.harvard.edu/\#abs/2015A&C....13....1I},
      adsnote = {Provided by the SAO/NASA Astrophysics Data System}
}

@ARTICLE{2015JCAP...08..043A,
       author = {{Akeret}, Jo{\"e}l and {Refregier}, Alexandre and {Amara}, Adam and
         {Seehars}, Sebastian and {Hasner}, Caspar},
        title = "{Approximate Bayesian computation for forward modeling in cosmology}",
      journal = {Journal of Cosmology and Astro-Particle Physics},
     keywords = {Astrophysics - Cosmology and Nongalactic Astrophysics, Astrophysics - Instrumentation and Methods for Astrophysics, Statistics - Computation},
         year = "2015",
        month = "Aug",
       volume = {2015},
          eid = {043},
        pages = {043},
          doi = {10.1088/1475-7516/2015/08/043},
archivePrefix = {arXiv},
       eprint = {1504.07245},
 primaryClass = {astro-ph.CO},
       adsurl = {https://ui.adsabs.harvard.edu/\#abs/2015JCAP...08..043A},
      adsnote = {Provided by the SAO/NASA Astrophysics Data System}
}


@ARTICLE{2007PNAS..104.1760S,
   author = {{Sisson}, S.~A. and {Fan}, Y. and {Tanaka}, M.~M.},
    title = "{Sequential Monte Carlo without likelihoods}",
  journal = {Proceedings of the National Academy of Science},
     year = 2007,
    month = feb,
   volume = 104,
    pages = {1760-1765},
      doi = {10.1073/pnas.0607208104},
   adsurl = {http://adsabs.harvard.edu/abs/2007PNAS..104.1760S},
  adsnote = {Provided by the SAO/NASA Astrophysics Data System}
}


@article{beaumont2009adaptive,
  title={Adaptive approximate Bayesian computation},
  author={Beaumont, Mark A and Cornuet, Jean-Marie and Marin, Jean-Michel and Robert, Christian P},
  journal={Biometrika},
  volume={96},
  number={4},
  pages={983--990},
  year={2009},
  publisher={Oxford University Press}
}


@ARTICLE{2018AJ....155..205H,
       author = {{Hsu}, Danley C. and {Ford}, Eric B. and {Ragozzine}, Darin and
         {Morehead}, Robert C.},
        title = "{Improving the Accuracy of Planet Occurrence Rates from Kepler Using Approximate Bayesian Computation}",
      journal = {\aj},
     keywords = {catalogs, methods: data analysis, methods: statistical, planetary systems, stars: statistics, Astrophysics - Earth and Planetary Astrophysics},
         year = "2018",
        month = "May",
       volume = {155},
          eid = {205},
        pages = {205},
          doi = {10.3847/1538-3881/aab9a8},
archivePrefix = {arXiv},
       eprint = {1803.10787},
 primaryClass = {astro-ph.EP},
       adsurl = {https://ui.adsabs.harvard.edu/\#abs/2018AJ....155..205H},
      adsnote = {Provided by the SAO/NASA Astrophysics Data System}
}

@misc{lightkurve,
  author       = {Zé Vinícius and
                  Geert Barentsen and
                  Christina Hedges and
                  Michael Gully-Santiago and
                  Ann Marie Cody},
  title        = {KeplerGO/lightkurve},
  month        = feb,
  year         = 2018,
  doi          = {10.5281/zenodo.1181928},
  url          = {http://doi.org/10.5281/zenodo.1181928}
}


@ARTICLE{2016ApJ...822..112K,
   author = {{Kawahara}, H.},
    title = "{Frequency Modulation of Directly Imaged Exoplanets: Geometric Effect as a Probe of Planetary Obliquity}",
  journal = {\apj},
archivePrefix = "arXiv",
   eprint = {1603.02898},
 primaryClass = "astro-ph.IM",
 keywords = {astrobiology, Earth, scattering, techniques: photometric},
     year = 2016,
    month = may,
   volume = 822,
      eid = {112},
    pages = {112},
      doi = {10.3847/0004-637X/822/2/112},
   adsurl = {http://ads.nao.ac.jp/abs/2016ApJ...822..112K},
  adsnote = {Provided by the SAO/NASA Astrophysics Data System}
}



@ARTICLE{1981PThPS..70...35H,
   author = {{Hayashi}, C.},
    title = "{Structure of the Solar Nebula, Growth and Decay of Magnetic Fields and Effects of Magnetic and Turbulent Viscosities on the Nebula}",
  journal = {Progress of Theoretical Physics Supplement},
     year = 1981,
   volume = 70,
    pages = {35-53},
      doi = {10.1143/PTPS.70.35},
   adsurl = {http://ads.nao.ac.jp/abs/1981PThPS..70...35H},
  adsnote = {Provided by the SAO/NASA Astrophysics Data System}
}



@ARTICLE{2016MNRAS.461.4215M,
   author = {{Murphy}, S.~J. and {Shibahashi}, H. and {Bedding}, T.~R.},
       title = "{Finding binaries from phase modulation of pulsating stars with Kepler - IV. Detection limits and radial velocity verification}",
         journal = {\mnras},
	 archivePrefix = "arXiv",
	    eprint = {1607.07879},
	     primaryClass = "astro-ph.SR",
	      keywords = {asteroseismology, binaries: general, stars: oscillations, stars: variables: {$\delta$} Scuti},
	           year = 2016,
		       month = oct,
		          volume = 461,
			      pages = {4215-4226},
			            doi = {10.1093/mnras/stw1622},
				       adsurl = {http://adsabs.harvard.edu/abs/2016MNRAS.461.4215M},
				         adsnote = {Provided by the SAO/NASA Astrophysics Data System}
					 }



@book{cohen1995time,
  title={Time-frequency analysis},
  author={Cohen, Leon},
  volume={778},
  year={1995},
  publisher={Prentice Hall PTR Englewood Cliffs, NJ:}
}
@book{stankovic2014time,
  title={Time-frequency signal analysis with applications},
  author={Stankovi{\'c}, Ljubi{\v{s}}a and Dakovi{\'c}, Milo{\v{s}} and Thayaparan, Thayannathan},
  year={2014},
  publisher={Artech house}
}
@book{boashash2015time,
  title={Time-frequency signal analysis and processing: a comprehensive reference},
  author={Boashash, Boualem},
  year={2015},
  publisher={Academic Press}
}


@ARTICLE{2016MNRAS.461.1943C,
   author = {{Compton}, D.~L. and {Bedding}, T.~R. and {Murphy}, S.~J. and 
	{Stello}, D.},
    title = "{Binary star detectability in Kepler data from phase modulation of different types of oscillations}",
  journal = {\mnras},
archivePrefix = "arXiv",
   eprint = {1605.03578},
 primaryClass = "astro-ph.SR",
 keywords = {techniques: radial velocities, stars: oscillations},
     year = 2016,
    month = sep,
   volume = 461,
    pages = {1943-1949},
      doi = {10.1093/mnras/stw1092},
   adsurl = {http://adsabs.harvard.edu/abs/2016MNRAS.461.1943C},
  adsnote = {Provided by the SAO/NASA Astrophysics Data System}
}



@ARTICLE{2015MNRAS.450.4475M,
   author = {{Murphy}, S.~J. and {Shibahashi}, H.},
    title = "{Deriving the orbital properties of pulsators in binary systems through their light arrival time delays}",
  journal = {\mnras},
archivePrefix = "arXiv",
   eprint = {1504.05098},
 primaryClass = "astro-ph.SR",
 keywords = {asteroseismology, stars: individual: KIC 8264492, stars: individual: KIC 9651065, stars: individual: KIC 10990452, stars: oscillations},
     year = 2015,
    month = jul,
   volume = 450,
    pages = {4475-4485},
      doi = {10.1093/mnras/stv884},
   adsurl = {http://adsabs.harvard.edu/abs/2015MNRAS.450.4475M},
  adsnote = {Provided by the SAO/NASA Astrophysics Data System}
}


@ARTICLE{2012MNRAS.422..738S,
   author = {{Shibahashi}, H. and {Kurtz}, D.~W.},
    title = "{FM stars: a Fourier view of pulsating binary stars, a new technique for measuring radial velocities photometrically}",
  journal = {\mnras},
archivePrefix = "arXiv",
   eprint = {1202.0105},
 primaryClass = "astro-ph.SR",
 keywords = {techniques: radial velocities, binaries: general, stars: individual: KIC 4150611, HD 181469, stars: oscillations, stars: variables: general},
     year = 2012,
    month = may,
   volume = 422,
    pages = {738-752},
      doi = {10.1111/j.1365-2966.2012.20654.x},
   adsurl = {http://adsabs.harvard.edu/abs/2012MNRAS.422..738S},
  adsnote = {Provided by the SAO/NASA Astrophysics Data System}
}

@ARTICLE{2014MNRAS.441.2515M,
   author = {{Murphy}, S.~J. and {Bedding}, T.~R. and {Shibahashi}, H. and 
	{Kurtz}, D.~W. and {Kjeldsen}, H.},
    title = "{Finding binaries among Kepler pulsating stars from phase modulation of their pulsations}",
  journal = {\mnras},
archivePrefix = "arXiv",
   eprint = {1404.5649},
 primaryClass = "astro-ph.SR",
 keywords = {techniques: radial velocities, binaries: general, stars: oscillations},
     year = 2014,
    month = jul,
   volume = 441,
    pages = {2515-2527},
      doi = {10.1093/mnras/stu765},
   adsurl = {http://adsabs.harvard.edu/abs/2014MNRAS.441.2515M},
  adsnote = {Provided by the SAO/NASA Astrophysics Data System}
}


@ARTICLE{2015MNRAS.450.3999S,
   author = {{Shibahashi}, H. and {Kurtz}, D.~W. and {Murphy}, S.~J.},
    title = "{FM stars II: a Fourier view of pulsating binary stars - determining binary orbital parameters photometrically for highly eccentric cases}",
  journal = {\mnras},
 keywords = {asteroseismology, techniques: radial velocities, stars: individual: KIC 8264492, stars: individual: KIC 9651065, stars: individual: KIC 10990452, stars: oscillations},
     year = 2015,
    month = jul,
   volume = 450,
    pages = {3999-4015},
      doi = {10.1093/mnras/stv875},
   adsurl = {http://adsabs.harvard.edu/abs/2015MNRAS.450.3999S},
  adsnote = {Provided by the SAO/NASA Astrophysics Data System}
}




@ARTICLE{2018arXiv180501453F,
   author = {{Fulton}, B.~J. and {Petigura}, E.~A.},
    title = "{The California Kepler Survey VII. Precise Planet Radii Leveraging Gaia DR2 Reveal the Stellar Mass Dependence of the Planet Radius Gap}",
  journal = {ArXiv e-prints},
archivePrefix = "arXiv",
   eprint = {1805.01453},
 primaryClass = "astro-ph.EP",
 keywords = {Astrophysics - Earth and Planetary Astrophysics, Astrophysics - Solar and Stellar Astrophysics},
     year = 2018,
    month = may,
   adsurl = {http://adsabs.harvard.edu/abs/2018arXiv180501453F},
  adsnote = {Provided by the SAO/NASA Astrophysics Data System}
}


@ARTICLE{2017AJ....154..109F,
   author = {{Fulton}, B.~J. and {Petigura}, E.~A. and {Howard}, A.~W. and 
	{Isaacson}, H. and {Marcy}, G.~W. and {Cargile}, P.~A. and {Hebb}, L. and 
	{Weiss}, L.~M. and {Johnson}, J.~A. and {Morton}, T.~D. and 
	{Sinukoff}, E. and {Crossfield}, I.~J.~M. and {Hirsch}, L.~A.
	},
    title = "{The California-Kepler Survey. III. A Gap in the Radius Distribution of Small Planets}",
  journal = {\aj},
archivePrefix = "arXiv",
   eprint = {1703.10375},
 primaryClass = "astro-ph.EP",
 keywords = {planetary systems},
     year = 2017,
    month = sep,
   volume = 154,
      eid = {109},
    pages = {109},
      doi = {10.3847/1538-3881/aa80eb},
   adsurl = {http://adsabs.harvard.edu/abs/2017AJ....154..109F},
  adsnote = {Provided by the SAO/NASA Astrophysics Data System}
}


@ARTICLE{2018arXiv180500956V,
   author = {{Villanueva}, Jr., S. and {Dragomir}, D. and {Gaudi}, B.~S.},
    title = "{An Estimate of the Yield of Single-Transit Planetary Events from the Transiting Exoplanet Survey Satellite}",
  journal = {ArXiv e-prints},
archivePrefix = "arXiv",
   eprint = {1805.00956},
 primaryClass = "astro-ph.EP",
 keywords = {Astrophysics - Earth and Planetary Astrophysics},
     year = 2018,
    month = may,
   adsurl = {http://adsabs.harvard.edu/abs/2018arXiv180500956V},
  adsnote = {Provided by the SAO/NASA Astrophysics Data System}
}



@ARTICLE{2008ApJ...688..616Y,
   author = {{Yee}, J.~C. and {Gaudi}, B.~S.},
    title = "{Characterizing Long-Period Transiting Planets Observed by Kepler}",
  journal = {\apj},
archivePrefix = "arXiv",
   eprint = {0805.1936},
 keywords = {methods: analytical, planetary systems, planets and satellites: general},
     year = 2008,
    month = nov,
   volume = 688,
    pages = {616-627},
      doi = {10.1086/592038},
   adsurl = {http://adsabs.harvard.edu/abs/2008ApJ...688..616Y},
  adsnote = {Provided by the SAO/NASA Astrophysics Data System}
}


@article{2013PASP..125..889B,
	Adsnote = {Provided by the SAO/NASA Astrophysics Data System},
	Adsurl = {http://adsabs.harvard.edu/abs/2013PASP..125..889B},
	Archiveprefix = {arXiv},
	Author = {{Bryson}, S.~T. and {Jenkins}, J.~M. and {Gilliland}, R.~L. and {Twicken}, J.~D. and {Clarke}, B. and {Rowe}, J. and {Caldwell}, D. and {Batalha}, N. and {Mullally}, F. and {Haas}, M.~R. and {Tenenbaum}, P.},
	Doi = {10.1086/671767},
	Eprint = {1303.0052},
	Journal = {\pasp},
	Month = aug,
	Pages = {889-923},
	Primaryclass = {astro-ph.IM},
	Title = {{Identification of Background False Positives from Kepler Data}},
	Volume = 125,
	Year = 2013,
	Bdsk-Url-1 = {http://dx.doi.org/10.1086/671767}}


@ARTICLE{2017MNRAS.467.4663S,
   author = {{Sowicka}, P. and {Handler}, G. and {D{\c e}bski}, B. and {Jones}, D. and 
	{Van de Sande}, M. and {P{\'a}pics}, P.~I.},
    title = "{Search for exoplanets around pulsating stars of A-F type in Kepler short-cadence data and the case of KIC 8197761}",
  journal = {\mnras},
archivePrefix = "arXiv",
   eprint = {1702.05158},
 primaryClass = "astro-ph.SR",
 keywords = {planets and satellites: detection, binaries: eclipsing, stars: individual: KIC 8197761, planetary systems, stars: variables: general},
     year = 2017,
    month = jun,
   volume = 467,
    pages = {4663-4673},
      doi = {10.1093/mnras/stx413},
   adsurl = {http://adsabs.harvard.edu/abs/2017MNRAS.467.4663S},
  adsnote = {Provided by the SAO/NASA Astrophysics Data System}
}


@ARTICLE{2015ApJS..217...31M,
   author = {{Mullally}, F. and {Coughlin}, J.~L. and {Thompson}, S.~E. and 
	{Rowe}, J. and {Burke}, C. and {Latham}, D.~W. and {Batalha}, N.~M. and 
	{Bryson}, S.~T. and {Christiansen}, J. and {Henze}, C.~E. and 
	{Ofir}, A. and {Quarles}, B. and {Shporer}, A. and {Van Eylen}, V. and 
	{Van Laerhoven}, C. and {Shah}, Y. and {Wolfgang}, A. and {Chaplin}, W.~J. and 
	{Xie}, J.-W. and {Akeson}, R. and {Argabright}, V. and {Bachtell}, E. and 
	{Barclay}, T. and {Borucki}, W.~J. and {Caldwell}, D.~A. and 
	{Campbell}, J.~R. and {Catanzarite}, J.~H. and {Cochran}, W.~D. and 
	{Duren}, R.~M. and {Fleming}, S.~W. and {Fraquelli}, D. and 
	{Girouard}, F.~R. and {Haas}, M.~R. and {He{\l}miniak}, K.~G. and 
	{Howell}, S.~B. and {Huber}, D. and {Larson}, K. and {Gautier}, III, T.~N. and 
	{Jenkins}, J.~M. and {Li}, J. and {Lissauer}, J.~J. and {McArthur}, S. and 
	{Miller}, C. and {Morris}, R.~L. and {Patil-Sabale}, A. and 
	{Plavchan}, P. and {Putnam}, D. and {Quintana}, E.~V. and {Ramirez}, S. and 
	{Silva Aguirre}, V. and {Seader}, S. and {Smith}, J.~C. and 
	{Steffen}, J.~H. and {Stewart}, C. and {Stober}, J. and {Still}, M. and 
	{Tenenbaum}, P. and {Troeltzsch}, J. and {Twicken}, J.~D. and 
	{Zamudio}, K.~A.},
    title = "{Planetary Candidates Observed by Kepler. VI. Planet Sample from Q1--Q16 (47 Months)}",
  journal = {\apjs},
archivePrefix = "arXiv",
   eprint = {1502.02038},
 primaryClass = "astro-ph.EP",
 keywords = {catalogs, eclipses, planetary systems},
     year = 2015,
    month = apr,
   volume = 217,
      eid = {31},
    pages = {31},
      doi = {10.1088/0067-0049/217/2/31},
   adsurl = {http://adsabs.harvard.edu/abs/2015ApJS..217...31M},
  adsnote = {Provided by the SAO/NASA Astrophysics Data System}
}



@ARTICLE{2018AJ....155..144K,
   author = {{Kawahara}, H. and {Masuda}, K. and {MacLeod}, M. and {Latham}, D.~W. and 
	{Bieryla}, A. and {Benomar}, O.},
    title = "{Discovery of Three Self-lensing Binaries from Kepler}",
  journal = {\aj},
archivePrefix = "arXiv",
   eprint = {1801.07874},
 primaryClass = "astro-ph.SR",
 keywords = {blue stragglers, techniques: photometric, techniques: radial velocities, white dwarfs},
     year = 2018,
    month = mar,
   volume = 155,
      eid = {144},
    pages = {144},
      doi = {10.3847/1538-3881/aaaaaf},
   adsurl = {http://adsabs.harvard.edu/abs/2018AJ....155..144K},
  adsnote = {Provided by the SAO/NASA Astrophysics Data System}
}


@book{couturier2013designing,
  title={Designing scientific applications on gpus},
  author={Couturier, Rapha{\"e}l},
  year={2013},
  publisher={CRC Press}
}

@ARTICLE{2017AJ....153..180S,
   author = {{Schmitt}, J.~R. and {Jenkins}, J.~M. and {Fischer}, D.~A.},
    title = "{A Search for Lost Planets in the Kepler Multi-planet Systems and the Discovery of the Long-period, Neptune-sized Exoplanet Kepler-150 f}",
  journal = {\aj},
archivePrefix = "arXiv",
   eprint = {1703.09229},
 primaryClass = "astro-ph.EP",
 keywords = {planets and satellites: detection, stars: individual: Kepler-150, Kepler-208},
     year = 2017,
    month = apr,
   volume = 153,
      eid = {180},
    pages = {180},
      doi = {10.3847/1538-3881/aa62ad},
   adsurl = {http://adsabs.harvard.edu/abs/2017AJ....153..180S},
  adsnote = {Provided by the SAO/NASA Astrophysics Data System}
}


@ARTICLE{2016ApJ...820..112K,
   author = {{Kipping}, D.~M. and {Torres}, G. and {Henze}, C. and {Teachey}, A. and 
	{Isaacson}, H. and {Petigura}, E. and {Marcy}, G.~W. and {Buchhave}, L.~A. and 
	{Chen}, J. and {Bryson}, S.~T. and {Sandford}, E.},
    title = "{A Transiting Jupiter Analog}",
  journal = {\apj},
archivePrefix = "arXiv",
   eprint = {1603.00042},
 primaryClass = "astro-ph.EP",
 keywords = {planetary systems, planets and satellites: detection, stars: individual: KIC-3239945, KOI-490, Kepler-167, techniques: photometric},
     year = 2016,
    month = apr,
   volume = 820,
      eid = {112},
    pages = {112},
      doi = {10.3847/0004-637X/820/2/112},
   adsurl = {http://adsabs.harvard.edu/abs/2016ApJ...820..112K},
  adsnote = {Provided by the SAO/NASA Astrophysics Data System}
}

@ARTICLE{2018arXiv180608757G,
   author = {{Giles}, H.~A.~C. and {Osborn}, H.~P. and {Blanco-Cuaresma}, S. and 
	{Lovis}, C. and {Bayliss}, D. and {Eggenberger}, P. and {Collier Cameron}, A. and 
	{Kristiansen}, M.~H. and {Turner}, O. and {Bouchy}, F. and {Udry}, S.
	},
    title = "{The longest period transiting planet candidate from K2}",
  journal = {ArXiv e-prints},
archivePrefix = "arXiv",
   eprint = {1806.08757},
 primaryClass = "astro-ph.EP",
 keywords = {Astrophysics - Earth and Planetary Astrophysics, Astrophysics - Solar and Stellar Astrophysics},
     year = 2018,
    month = jun,
   adsurl = {http://adsabs.harvard.edu/abs/2018arXiv180608757G},
  adsnote = {Provided by the SAO/NASA Astrophysics Data System}
}



@ARTICLE{2008MNRAS.386.1503F,
   author = {{Fleming}, S.~W. and {Kane}, S.~R. and {McCullough}, P.~R. and 
	{Chromey}, F.~R.},
    title = "{Detecting `Temperate' Jupiters: the prospects of searching for transiting gas giants in Habitable Zones}",
  journal = {\mnras},
archivePrefix = "arXiv",
   eprint = {0802.2405},
 keywords = {methods: observational , planetary systems},
     year = 2008,
    month = may,
   volume = 386,
    pages = {1503-1520},
      doi = {10.1111/j.1365-2966.2008.13120.x},
   adsurl = {http://adsabs.harvard.edu/abs/2008MNRAS.386.1503F},
  adsnote = {Provided by the SAO/NASA Astrophysics Data System}
}


@ARTICLE{
2014AJ....148...28S,
   author = {{Schmitt}, J.~R. and {Wang}, J. and {Fischer}, D.~A. and {Jek}, K.~J. and 
	{Moriarty}, J.~C. and {Boyajian}, T.~S. and {Schwamb}, M.~E. and 
	{Lintott}, C. and {Lynn}, S. and {Smith}, A.~M. and {Parrish}, M. and 
	{Schawinski}, K. and {Simpson}, R. and {LaCourse}, D. and {Omohundro}, M.~R. and 
	{Winarski}, T. and {Goodman}, S.~J. and {Jebson}, T. and {Schwengeler}, H.~M. and 
	{Paterson}, D.~A. and {Sejpka}, J. and {Terentev}, I. and {Jacobs}, T. and 
	{Alsaadi}, N. and {Bailey}, R.~C. and {Ginman}, T. and {Granado}, P. and 
	{Vonstad Guttormsen}, K. and {Mallia}, F. and {Papillon}, A.~L. and 
	{Rossi}, F. and {Socolovsky}, M.},
    title = "{Planet Hunters. VI. An Independent Characterization of KOI-351 and Several Long Period Planet Candidates from the Kepler Archival Data}",
  journal = {\aj},
archivePrefix = "arXiv",
   eprint = {1310.5912},
 primaryClass = "astro-ph.EP",
 keywords = {planets and satellites: detection, surveys },
     year = 2014,
    month = aug,
   volume = 148,
      eid = {28},
    pages = {28},
      doi = {10.1088/0004-6256/148/2/28},
   adsurl = {http://adsabs.harvard.edu/abs/2014AJ....148...28S},
  adsnote = {Provided by the SAO/NASA Astrophysics Data System}
}


@ARTICLE{2016ApJ...822....2U,
   author = {{Uehara}, S. and {Kawahara}, H. and {Masuda}, K. and {Yamada}, S. and 
	{Aizawa}, M.},
    title = "{Transiting Planet Candidates Beyond the Snow Line Detected by Visual Inspection of 7557 Kepler Objects of Interest}",
  journal = {\apj},
archivePrefix = "arXiv",
   eprint = {1602.07848},
 primaryClass = "astro-ph.EP",
 keywords = {planets and satellites: detection, planets and satellites: general, techniques: photometric },
     year = 2016,
    month = may,
   volume = 822,
      eid = {2},
    pages = {2},
      doi = {10.3847/0004-637X/822/1/2},
   adsurl = {http://adsabs.harvard.edu/abs/2016ApJ...822....2U},
  adsnote = {Provided by the SAO/NASA Astrophysics Data System}
}



@ARTICLE{2016MNRAS.457.2273O,
   author = {{Osborn}, H.~P. and {Armstrong}, D.~J. and {Brown}, D.~J.~A. and 
	{McCormac}, J. and {Doyle}, A.~P. and {Louden}, T.~M. and {Kirk}, J. and 
	{Spake}, J.~J. and {Lam}, K.~W.~F. and {Walker}, S.~R. and {Faedi}, F. and 
	{Pollacco}, D.~L.},
    title = "{Single transit candidates from K2: detection and period estimation}",
  journal = {\mnras},
archivePrefix = "arXiv",
   eprint = {1512.03722},
 primaryClass = "astro-ph.EP",
 keywords = {methods: analytical, techniques: photometric, planets and satellites: detection, stars, planets and satellites: general, planetary systems},
     year = 2016,
    month = apr,
   volume = 457,
    pages = {2273-2286},
      doi = {10.1093/mnras/stw137},
   adsurl = {http://adsabs.harvard.edu/abs/2016MNRAS.457.2273O},
  adsnote = {Provided by the SAO/NASA Astrophysics Data System}
}


@ARTICLE{2016arXiv160708237F,
   author = {{Foreman-Mackey}, D. and {Morton}, T.~D. and {Hogg}, D.~W. and 
	{Agol}, E. and {Sch{\"o}lkopf}, B.},
    title = "{The Population of Long-period Transiting Exoplanets}",
  journal = {\aj},
archivePrefix = "arXiv",
   eprint = {1607.08237},
 primaryClass = "astro-ph.EP",
 keywords = {catalogs, methods: data analysis, methods: statistical, planetary systems, stars: statistics},
     year = 2016,
    month = dec,
   volume = 152,
      eid = {206},
    pages = {206},
      doi = {10.3847/0004-6256/152/6/206},
   adsurl = {http://adsabs.harvard.edu/abs/2016AJ....152..206F},
  adsnote = {Provided by the SAO/NASA Astrophysics Data System}
}



@ARTICLE{2015arXiv151202559W,
   author = {{Wang}, J. and {Fischer}, D.~A. and {Barclay}, T. and {Picard}, A. and 
	{Ma}, B. and {Bowler}, B.~P. and {Schmitt}, J.~R. and {Boyajian}, T.~S. and 
	{Jek}, K.~J. and {LaCourse}, D. and {Baranec}, C. and {Riddle}, R. and 
	{Law}, N.~M. and {Lintott}, C. and {Schawinski}, K. and {Simister}, D.~J. and 
	{Gr{\'e}goire}, B. and {Babin}, S.~P. and {Poile}, T. and {Jacobs}, T.~L. and 
	{Jebson}, T. and {Omohundro}, M.~R. and {Schwengeler}, H.~M. and 
	{Sejpka}, J. and {Terentev}, I.~A. and {Gagliano}, R. and {Paakkonen}, J.-P. and 
	{Otnes Berge}, H.~K. and {Winarski}, T. and {Green}, G.~R. and 
	{Schmitt}, A.~R. and {Kristiansen}, M.~H. and {Hoekstra}, A.
	},
    title = "{Planet Hunters. VIII. Characterization of 41 Long-period Exoplanet Candidates from Kepler Archival Data}",
  journal = {\apj},
archivePrefix = "arXiv",
   eprint = {1512.02559},
 primaryClass = "astro-ph.EP",
 keywords = {methods: observational, techniques: high angular resolution, techniques: spectroscopic},
     year = 2015,
    month = dec,
   volume = 815,
      eid = {127},
    pages = {127},
      doi = {10.1088/0004-637X/815/2/127},
   adsurl = {http://adsabs.harvard.edu/abs/2015ApJ...815..127W},
  adsnote = {Provided by the SAO/NASA Astrophysics Data System}
}




@article{2010Sci...327..977B,
	Adsnote = {Provided by the SAO/NASA Astrophysics Data System},
	Adsurl = {http://adsabs.harvard.edu/abs/2010Sci...327..977B},
	Author = {{Borucki}, W.~J. and {Koch}, D. and {Basri}, G. and {Batalha}, N. and {Brown}, T. and {Caldwell}, D. and {Caldwell}, J. and {Christensen-Dalsgaard}, J. and {Cochran}, W.~D. and {DeVore}, E. and {Dunham}, E.~W. and {Dupree}, A.~K. and {Gautier}, T.~N. and {Geary}, J.~C. and {Gilliland}, R. and {Gould}, A. and {Howell}, S.~B. and {Jenkins}, J.~M. and {Kondo}, Y. and {Latham}, D.~W. and {Marcy}, G.~W. and {Meibom}, S. and {Kjeldsen}, H. and {Lissauer}, J.~J. and {Monet}, D.~G. and {Morrison}, D. and {Sasselov}, D. and {Tarter}, J. and {Boss}, A. and {Brownlee}, D. and {Owen}, T. and {Buzasi}, D. and {Charbonneau}, D. and {Doyle}, L. and {Fortney}, J. and {Ford}, E.~B. and {Holman}, M.~J. and {Seager}, S. and {Steffen}, J.~H. and {Welsh}, W.~F. and {Rowe}, J. and {Anderson}, H. and {Buchhave}, L. and {Ciardi}, D. and {Walkowicz}, L. and {Sherry}, W. and {Horch}, E. and {Isaacson}, H. and {Everett}, M.~E. and {Fischer}, D. and {Torres}, G. and {Johnson}, J.~A. and {Endl}, M. and {MacQueen}, P. and {Bryson}, S.~T. and {Dotson}, J. and {Haas}, M. and {Kolodziejczak}, J. and {Van Cleve}, J. and {Chandrasekaran}, H. and {Twicken}, J.~D. and {Quintana}, E.~V. and {Clarke}, B.~D. and {Allen}, C. and {Li}, J. and {Wu}, H. and {Tenenbaum}, P. and {Verner}, E. and {Bruhweiler}, F. and {Barnes}, J. and {Prsa}, A.},
	Date-Added = {2015-12-08 04:38:52 +0000},
	Date-Modified = {2015-12-08 04:38:52 +0000},
	Doi = {10.1126/science.1185402},
	Journal = {Science},
	Month = feb,
	Pages = {977-},
	Title = {{Kepler Planet-Detection Mission: Introduction and First Results}},
	Volume = 327,
	Year = 2010,
	Bdsk-Url-1 = {http://dx.doi.org/10.1126/science.1185402}}

@article{1995Natur.378..355M,
	Adsnote = {Provided by the SAO/NASA Astrophysics Data System},
	Adsurl = {http://adsabs.harvard.edu/abs/1995Natur.378..355M},
	Author = {{Mayor}, M. and {Queloz}, D.},
	Date-Added = {2015-12-08 04:37:49 +0000},
	Date-Modified = {2015-12-08 04:37:49 +0000},
	Doi = {10.1038/378355a0},
	Journal = {\nat},
	Month = nov,
	Pages = {355-359},
	Title = {{A Jupiter-mass companion to a solar-type star}},
	Volume = 378,
	Year = 1995,
	Bdsk-Url-1 = {http://dx.doi.org/10.1038/378355a0}}

@article{2014ApJ...796...47M,
	Adsnote = {Provided by the SAO/NASA Astrophysics Data System},
	Adsurl = {http://adsabs.harvard.edu/abs/2014ApJ...796...47M},
	Archiveprefix = {arXiv},
	Author = {{Morton}, T.~D. and {Winn}, J.~N.},
	Date-Added = {2015-12-04 09:09:24 +0000},
	Date-Modified = {2015-12-04 09:09:24 +0000},
	Doi = {10.1088/0004-637X/796/1/47},
	Eid = {47},
	Eprint = {1408.6606},
	Journal = {\apj},
	Keywords = {methods: statistical, planetary systems, planets and satellites: general},
	Month = nov,
	Pages = {47},
	Primaryclass = {astro-ph.EP},
	Title = {{Obliquities of Kepler Stars: Comparison of Single- and Multiple-transit Systems}},
	Volume = 796,
	Year = 2014,
	Bdsk-Url-1 = {http://dx.doi.org/10.1088/0004-637X/796/1/47}}

@article{2010arXiv1006.3727R,
	Adsnote = {Provided by the SAO/NASA Astrophysics Data System},
	Adsurl = {http://adsabs.harvard.edu/abs/2010arXiv1006.3727R},
	Archiveprefix = {arXiv},
	Author = {{Ragozzine}, D. and {Holman}, M.~J.},
	Date-Added = {2015-12-04 08:37:10 +0000},
	Date-Modified = {2015-12-04 08:37:10 +0000},
	Eprint = {1006.3727},
	Journal = {ArXiv e-prints},
	Keywords = {Astrophysics - Earth and Planetary Astrophysics},
	Month = jun,
	Primaryclass = {astro-ph.EP},
	Title = {{The Value of Systems with Multiple Transiting Planets}},
	Year = 2010}

@article{2012AJ....143...94T,
	Adsnote = {Provided by the SAO/NASA Astrophysics Data System},
	Adsurl = {http://adsabs.harvard.edu/abs/2012AJ....143...94T},
	Archiveprefix = {arXiv},
	Author = {{Tremaine}, S. and {Dong}, S.},
	Date-Added = {2015-12-03 11:28:13 +0000},
	Date-Modified = {2015-12-03 11:28:13 +0000},
	Doi = {10.1088/0004-6256/143/4/94},
	Eid = {94},
	Eprint = {1106.5403},
	Journal = {\aj},
	Keywords = {methods: statistical, planets and satellites: detection, planets and satellites: fundamental parameters},
	Month = apr,
	Pages = {94},
	Primaryclass = {astro-ph.EP},
	Title = {{The Statistics of Multi-planet Systems}},
	Volume = 143,
	Year = 2012,
	Bdsk-Url-1 = {http://dx.doi.org/10.1088/0004-6256/143/4/94}}

@article{2003ApJ...585.1038S,
	Adsnote = {Provided by the SAO/NASA Astrophysics Data System},
	Adsurl = {http://adsabs.harvard.edu/abs/2003ApJ...585.1038S},
	Author = {{Seager}, S. and {Mall{\'e}n-Ornelas}, G.},
	Date-Added = {2015-12-03 09:15:29 +0000},
	Date-Modified = {2015-12-03 09:15:29 +0000},
	Doi = {10.1086/346105},
	Eprint = {astro-ph/0206228},
	Journal = {\apj},
	Keywords = {Stars: Binaries: Eclipsing, Stars: Planetary Systems, Techniques: Photometric},
	Month = mar,
	Pages = {1038-1055},
	Title = {{A Unique Solution of Planet and Star Parameters from an Extrasolar Planet Transit Light Curve}},
	Volume = 585,
	Year = 2003,
	Bdsk-Url-1 = {http://dx.doi.org/10.1086/346105}}

@article{2015arXiv151200417R,
	Adsnote = {Provided by the SAO/NASA Astrophysics Data System},
	Adsurl = {http://adsabs.harvard.edu/abs/2015arXiv151200417R},
	Archiveprefix = {arXiv},
	Author = {{Rowan}, D. and {Meschiari}, S. and {Laughlin}, G. and {Vogt}, S.~S. and {Butler}, R.~P. and {Burt}, J. and {Wang}, S. and {Holden}, B. and {Hanson}, R. and {Arriagada}, P. and {Keiser}, S. and {Teske}, J. and {Diaz}, M.},
	Date-Added = {2015-12-03 07:42:27 +0000},
	Date-Modified = {2015-12-03 07:42:27 +0000},
	Eprint = {1512.00417},
	Journal = {ArXiv e-prints},
	Keywords = {Astrophysics - Earth and Planetary Astrophysics},
	Month = dec,
	Primaryclass = {astro-ph.EP},
	Title = {{The Lick-Carnegie Exoplanet Survey: HD32963 -- A New Jupiter Analog Orbiting a Sun-like Star}},
	Year = 2015}

@article{2011ApJS..197....8L,
	Adsnote = {Provided by the SAO/NASA Astrophysics Data System},
	Adsurl = {http://adsabs.harvard.edu/abs/2011ApJS..197....8L},
	Archiveprefix = {arXiv},
	Author = {{Lissauer}, J.~J. and {Ragozzine}, D. and {Fabrycky}, D.~C. and {Steffen}, J.~H. and {Ford}, E.~B. and {Jenkins}, J.~M. and {Shporer}, A. and {Holman}, M.~J. and {Rowe}, J.~F. and {Quintana}, E.~V. and {Batalha}, N.~M. and {Borucki}, W.~J. and {Bryson}, S.~T. and {Caldwell}, D.~A. and {Carter}, J.~A. and {Ciardi}, D. and {Dunham}, E.~W. and {Fortney}, J.~J. and {Gautier}, III, T.~N. and {Howell}, S.~B. and {Koch}, D.~G. and {Latham}, D.~W. and {Marcy}, G.~W. and {Morehead}, R.~C. and {Sasselov}, D.},
	Date-Added = {2015-12-03 07:38:56 +0000},
	Date-Modified = {2015-12-03 07:38:56 +0000},
	Doi = {10.1088/0067-0049/197/1/8},
	Eid = {8},
	Eprint = {1102.0543},
	Journal = {\apjs},
	Keywords = {celestial mechanics, planets and satellites: dynamical evolution and stability, planets and satellites: fundamental parameters, planets and satellites: general, planetary systems},
	Month = nov,
	Pages = {8},
	Primaryclass = {astro-ph.EP},
	Title = {{Architecture and Dynamics of Kepler's Candidate Multiple Transiting Planet Systems}},
	Volume = 197,
	Year = 2011,
	Bdsk-Url-1 = {http://dx.doi.org/10.1088/0067-0049/197/1/8}}

@article{2003ApJ...589..605W,
	Adsnote = {Provided by the SAO/NASA Astrophysics Data System},
	Adsurl = {http://adsabs.harvard.edu/abs/2003ApJ...589..605W},
	Author = {{Wu}, Y. and {Murray}, N.},
	Date-Added = {2015-12-03 03:06:45 +0000},
	Date-Modified = {2015-12-03 03:06:45 +0000},
	Doi = {10.1086/374598},
	Eprint = {astro-ph/0303010},
	Journal = {\apj},
	Keywords = {Stars: Planetary Systems, Stars: Individual: Henry Draper Number: HD 80606b},
	Month = may,
	Pages = {605-614},
	Title = {{Planet Migration and Binary Companions: The Case of HD 80606b}},
	Volume = 589,
	Year = 2003,
	Bdsk-Url-1 = {http://dx.doi.org/10.1086/374598}}

@inproceedings{2009ASPC..411..251M,
	Adsnote = {Provided by the SAO/NASA Astrophysics Data System},
	Adsurl = {http://adsabs.harvard.edu/abs/2009ASPC..411..251M},
	Archiveprefix = {arXiv},
	Author = {{Markwardt}, C.~B.},
	Booktitle = {Astronomical Data Analysis Software and Systems XVIII},
	Date-Added = {2015-11-27 11:32:09 +0000},
	Date-Modified = {2015-11-27 11:32:09 +0000},
	Editor = {{Bohlender}, D.~A. and {Durand}, D. and {Dowler}, P.},
	Eprint = {0902.2850},
	Month = sep,
	Pages = {251},
	Primaryclass = {astro-ph.IM},
	Series = {Astronomical Society of the Pacific Conference Series},
	Title = {{Non-linear Least-squares Fitting in IDL with MPFIT}},
	Volume = 411,
	Year = 2009}

@inproceedings{2010lyot.confE..22H,
	Adsnote = {Provided by the SAO/NASA Astrophysics Data System},
	Adsurl = {http://adsabs.harvard.edu/abs/2010lyot.confE..22H},
	Author = {{Hagelberg}, J.},
	Booktitle = {In the Spirit of Lyot 2010},
	Month = oct,
	Pages = {22},
	Title = {{Direct imaging of targets with radial velocity drifts from the HARPS and CORALIE surveys}},
	Year = 2010}

@inproceedings{2014IAUS..299...66S,
	Adsnote = {Provided by the SAO/NASA Astrophysics Data System},
	Adsurl = {http://adsabs.harvard.edu/abs/2014IAUS..299...66S},
	Author = {{Salter}, G.~S. and {Tinney}, C.~G. and {Wittenmyer}, R.~A. and {Jenkins}, J.~S. and {Jones}, H.~R.~A. and {O'Toole}, S.~J.},
	Booktitle = {IAU Symposium},
	Doi = {10.1017/S1743921313007904},
	Editor = {{Booth}, M. and {Matthews}, B.~C. and {Graham}, J.~R.},
	Keywords = {planetary systems, instrumentation: adaptive optics, high angular resolution, techniques: image processing, stars: imaging, low-mass, brown dwarfs,},
	Month = jan,
	Pages = {66-67},
	Series = {IAU Symposium},
	Title = {{Direct Imaging Of Long Period Radial Velocity Targets With NICI}},
	Volume = 299,
	Year = 2014,
	Bdsk-Url-1 = {http://dx.doi.org/10.1017/S1743921313007904}}

@article{2015ARA&A..53..409W,
	Adsnote = {Provided by the SAO/NASA Astrophysics Data System},
	Adsurl = {http://adsabs.harvard.edu/abs/2015ARA%26A..53..409W},
	Archiveprefix = {arXiv},
	Author = {{Winn}, J.~N. and {Fabrycky}, D.~C.},
	Doi = {10.1146/annurev-astro-082214-122246},
	Eprint = {1410.4199},
	Journal = {\araa},
	Month = aug,
	Pages = {409-447},
	Primaryclass = {astro-ph.EP},
	Title = {{The Occurrence and Architecture of Exoplanetary Systems}},
	Volume = 53,
	Year = 2015,
	Bdsk-Url-1 = {http://dx.doi.org/10.1146/annurev-astro-082214-122246}}

@article{2010A&A...510A..21S,
	Adsnote = {Provided by the SAO/NASA Astrophysics Data System},
	Adsurl = {http://adsabs.harvard.edu/abs/2010A%26A...510A..21S},
	Archiveprefix = {arXiv},
	Author = {{Sing}, D.~K.},
	Doi = {10.1051/0004-6361/200913675},
	Eid = {A21},
	Eprint = {0912.2274},
	Journal = {\aap},
	Keywords = {stars: atmospheres, planetary systems, binaries: eclipsing},
	Month = feb,
	Pages = {A21},
	Primaryclass = {astro-ph.EP},
	Title = {{Stellar limb-darkening coefficients for CoRot and Kepler}},
	Volume = 510,
	Year = 2010,
	Bdsk-Url-1 = {http://dx.doi.org/10.1051/0004-6361/200913675}}

@article{2002ApJ...580L.171M,
	Adsnote = {Provided by the SAO/NASA Astrophysics Data System},
	Adsurl = {http://adsabs.harvard.edu/abs/2002ApJ...580L.171M},
	Author = {{Mandel}, K. and {Agol}, E.},
	Doi = {10.1086/345520},
	Eprint = {astro-ph/0210099},
	Journal = {\apjl},
	Keywords = {Stars: Binaries: Eclipsing, Eclipses, Occultations, Stars: Planetary Systems},
	Month = dec,
	Pages = {L171-L175},
	Title = {{Analytic Light Curves for Planetary Transit Searches}},
	Volume = 580,
	Year = 2002,
	Bdsk-Url-1 = {http://dx.doi.org/10.1086/345520}}

@article{2015MNRAS.450.3233P,
	Adsnote = {Provided by the SAO/NASA Astrophysics Data System},
	Adsurl = {http://adsabs.harvard.edu/abs/2015MNRAS.450.3233P},
	Archiveprefix = {arXiv},
	Author = {{Parviainen}, H.},
	Doi = {10.1093/mnras/stv894},
	Eprint = {1504.07433},
	Journal = {\mnras},
	Keywords = {methods: numerical, techniques: photometric, planets and satellites: general},
	Month = jul,
	Pages = {3233-3238},
	Primaryclass = {astro-ph.EP},
	Title = {{PYTRANSIT: fast and easy exoplanet transit modelling in PYTHON}},
	Volume = 450,
	Year = 2015,
	Bdsk-Url-1 = {http://dx.doi.org/10.1093/mnras/stv894}}

@article{2013PASP..125..306F,
	Adsnote = {Provided by the SAO/NASA Astrophysics Data System},
	Adsurl = {http://adsabs.harvard.edu/abs/2013PASP..125..306F},
	Archiveprefix = {arXiv},
	Author = {{Foreman-Mackey}, D. and {Hogg}, D.~W. and {Lang}, D. and {Goodman}, J.},
	Doi = {10.1086/670067},
	Eprint = {1202.3665},
	Journal = {\pasp},
	Keywords = {Data Analysis and Techniques},
	Month = mar,
	Pages = {306-312},
	Primaryclass = {astro-ph.IM},
	Title = {{emcee: The MCMC Hammer}},
	Volume = 125,
	Year = 2013,
	Bdsk-Url-1 = {http://dx.doi.org/10.1086/670067}}

@article{2013A&A...551A..90M,
	Adsnote = {Provided by the SAO/NASA Astrophysics Data System},
	Adsurl = {http://adsabs.harvard.edu/abs/2013A%26A...551A..90M},
	Archiveprefix = {arXiv},
	Author = {{Marmier}, M. and {S{\'e}gransan}, D. and {Udry}, S. and {Mayor}, M. and {Pepe}, F. and {Queloz}, D. and {Lovis}, C. and {Naef}, D. and {Santos}, N.~C. and {Alonso}, R. and {Alves}, S. and {Berthet}, S. and {Chazelas}, B. and {Demory}, B.-O. and {Dumusque}, X. and {Eggenberger}, A. and {Figueira}, P. and {Gillon}, M. and {Hagelberg}, J. and {Lendl}, M. and {Mardling}, R.~A. and {M{\'e}gevand}, D. and {Neveu}, M. and {Sahlmann}, J. and {Sosnowska}, D. and {Tewes}, M. and {Triaud}, A.~H.~M.~J.},
	Doi = {10.1051/0004-6361/201219639},
	Eid = {A90},
	Eprint = {1211.6444},
	Journal = {\aap},
	Keywords = {planetary systems, binaries: visual, techniques: radial velocities, stars: general},
	Month = mar,
	Pages = {A90},
	Primaryclass = {astro-ph.EP},
	Title = {{The CORALIE survey for southern extrasolar planets. XVII. New and updated long period and massive planets}},
	Volume = 551,
	Year = 2013,
	Bdsk-Url-1 = {http://dx.doi.org/10.1051/0004-6361/201219639}}

@article{2014ApJ...790..146F,
	Adsnote = {Provided by the SAO/NASA Astrophysics Data System},
	Adsurl = {http://adsabs.harvard.edu/abs/2014ApJ...790..146F},
	Archiveprefix = {arXiv},
	Author = {{Fabrycky}, D.~C. and {Lissauer}, J.~J. and {Ragozzine}, D. and {Rowe}, J.~F. and {Steffen}, J.~H. and {Agol}, E. and {Barclay}, T. and {Batalha}, N. and {Borucki}, W. and {Ciardi}, D.~R. and {Ford}, E.~B. and {Gautier}, T.~N. and {Geary}, J.~C. and {Holman}, M.~J. and {Jenkins}, J.~M. and {Li}, J. and {Morehead}, R.~C. and {Morris}, R.~L. and {Shporer}, A. and {Smith}, J.~C. and {Still}, M. and {Van Cleve}, J.},
	Doi = {10.1088/0004-637X/790/2/146},
	Eid = {146},
	Eprint = {1202.6328},
	Journal = {\apj},
	Keywords = {methods: statistical, planetary systems, planets and satellites: detection, planets and satellites: dynamical evolution and stability},
	Month = aug,
	Pages = {146},
	Primaryclass = {astro-ph.EP},
	Title = {{Architecture of Kepler's Multi-transiting Systems. II. New Investigations with Twice as Many Candidates}},
	Volume = 790,
	Year = 2014,
	Bdsk-Url-1 = {http://dx.doi.org/10.1088/0004-637X/790/2/146}}

@article{2015A&A...581A..34B,
	Adsnote = {Provided by the SAO/NASA Astrophysics Data System},
	Adsurl = {http://adsabs.harvard.edu/abs/2015A%26A...581A..34B},
	Archiveprefix = {arXiv},
	Author = {{Bedell}, M. and {Mel{\'e}ndez}, J. and {Bean}, J.~L. and {Ram{\'{\i}}rez}, I. and {Asplund}, M. and {Alves-Brito}, A. and {Casagrande}, L. and {Dreizler}, S. and {Monroe}, T. and {Spina}, L. and {Tucci Maia}, M.},
	Doi = {10.1051/0004-6361/201525748},
	Eid = {A34},
	Eprint = {1507.03998},
	Journal = {\aap},
	Keywords = {planets and satellites: detection, techniques: radial velocities, stars: activity},
	Month = sep,
	Pages = {A34},
	Primaryclass = {astro-ph.EP},
	Title = {{The Solar Twin Planet Search. II. A Jupiter twin around a solar twin}},
	Volume = 581,
	Year = 2015,
	Bdsk-Url-1 = {http://dx.doi.org/10.1051/0004-6361/201525748}}

@article{2012A&A...545A..55B,
	Adsnote = {Provided by the SAO/NASA Astrophysics Data System},
	Adsurl = {http://adsabs.harvard.edu/abs/2012A%26A...545A..55B},
	Archiveprefix = {arXiv},
	Author = {{Boisse}, I. and {Pepe}, F. and {Perrier}, C. and {Queloz}, D. and {Bonfils}, X. and {Bouchy}, F. and {Santos}, N.~C. and {Arnold}, L. and {Beuzit}, J.-L. and {D{\'{\i}}az}, R.~F. and {Delfosse}, X. and {Eggenberger}, A. and {Ehrenreich}, D. and {Forveille}, T. and {H{\'e}brard}, G. and {Lagrange}, A.-M. and {Lovis}, C. and {Mayor}, M. and {Moutou}, C. and {Naef}, D. and {Santerne}, A. and {S{\'e}gransan}, D. and {Sivan}, J.-P. and {Udry}, S.},
	Doi = {10.1051/0004-6361/201118419},
	Eid = {A55},
	Eprint = {1205.5835},
	Journal = {\aap},
	Keywords = {techniques: radial velocities, planetary systems},
	Month = sep,
	Pages = {A55},
	Primaryclass = {astro-ph.EP},
	Title = {{The SOPHIE search for northern extrasolar planets. V. Follow-up of ELODIE candidates: Jupiter-analogs around Sun-like stars}},
	Volume = 545,
	Year = 2012,
	Bdsk-Url-1 = {http://dx.doi.org/10.1051/0004-6361/201118419}}

@article{2010arXiv1001.2010W,
	Adsnote = {Provided by the SAO/NASA Astrophysics Data System},
	Adsurl = {http://adsabs.harvard.edu/abs/2010arXiv1001.2010W},
	Archiveprefix = {arXiv},
	Author = {{Winn}, J.~N.},
	Eprint = {1001.2010},
	Journal = {ArXiv e-prints},
	Keywords = {Astrophysics - Earth and Planetary Astrophysics},
	Month = jan,
	Primaryclass = {astro-ph.EP},
	Title = {{Transits and Occultations}},
	Year = 2010}

@article{2013ApJS..204...24B,
	Adsnote = {Provided by the SAO/NASA Astrophysics Data System},
	Adsurl = {http://adsabs.harvard.edu/abs/2013ApJS..204...24B},
	Archiveprefix = {arXiv},
	Author = {{Batalha}, N.~M. and {Rowe}, J.~F. and {Bryson}, S.~T. and {Barclay}, T. and {Burke}, C.~J. and {Caldwell}, D.~A. and {Christiansen}, J.~L. and {Mullally}, F. and {Thompson}, S.~E. and {Brown}, T.~M. and {Dupree}, A.~K. and {Fabrycky}, D.~C. and {Ford}, E.~B. and {Fortney}, J.~J. and {Gilliland}, R.~L. and {Isaacson}, H. and {Latham}, D.~W. and {Marcy}, G.~W. and {Quinn}, S.~N. and {Ragozzine}, D. and {Shporer}, A. and {Borucki}, W.~J. and {Ciardi}, D.~R. and {Gautier}, III, T.~N. and {Haas}, M.~R. and {Jenkins}, J.~M. and {Koch}, D.~G. and {Lissauer}, J.~J. and {Rapin}, W. and {Basri}, G.~S. and {Boss}, A.~P. and {Buchhave}, L.~A. and {Carter}, J.~A. and {Charbonneau}, D. and {Christensen-Dalsgaard}, J. and {Clarke}, B.~D. and {Cochran}, W.~D. and {Demory}, B.-O. and {Desert}, J.-M. and {Devore}, E. and {Doyle}, L.~R. and {Esquerdo}, G.~A. and {Everett}, M. and {Fressin}, F. and {Geary}, J.~C. and {Girouard}, F.~R. and {Gould}, A. and {Hall}, J.~R. and {Holman}, M.~J. and {Howard}, A.~W. and {Howell}, S.~B. and {Ibrahim}, K.~A. and {Kinemuchi}, K. and {Kjeldsen}, H. and {Klaus}, T.~C. and {Li}, J. and {Lucas}, P.~W. and {Meibom}, S. and {Morris}, R.~L. and {Pr{\v s}a}, A. and {Quintana}, E. and {Sanderfer}, D.~T. and {Sasselov}, D. and {Seader}, S.~E. and {Smith}, J.~C. and {Steffen}, J.~H. and {Still}, M. and {Stumpe}, M.~C. and {Tarter}, J.~C. and {Tenenbaum}, P. and {Torres}, G. and {Twicken}, J.~D. and {Uddin}, K. and {Van Cleve}, J. and {Walkowicz}, L. and {Welsh}, W.~F.},
	Doi = {10.1088/0067-0049/204/2/24},
	Eid = {24},
	Eprint = {1202.5852},
	Journal = {\apjs},
	Keywords = {catalogs, eclipses, planetary systems, space vehicles, techniques: photometric},
	Month = feb,
	Pages = {24},
	Primaryclass = {astro-ph.EP},
	Title = {{Planetary Candidates Observed by Kepler. III. Analysis of the First 16 Months of Data}},
	Volume = 204,
	Year = 2013,
	Bdsk-Url-1 = {http://dx.doi.org/10.1088/0067-0049/204/2/24}}

@article{2014Icar..242..172I,
	Adsnote = {Provided by the SAO/NASA Astrophysics Data System},
	Adsurl = {http://adsabs.harvard.edu/abs/2014Icar..242..172I},
	Archiveprefix = {arXiv},
	Author = {{Irwin}, P.~G.~J. and {Barstow}, J.~K. and {Bowles}, N.~E. and {Fletcher}, L.~N. and {Aigrain}, S. and {Lee}, J.-M.},
	Doi = {10.1016/j.icarus.2014.08.005},
	Eprint = {1408.3914},
	Journal = {\icarus},
	Keywords = {Earth, Jupiter, Extra-solar planets, Spectroscopy},
	Month = nov,
	Pages = {172-187},
	Primaryclass = {astro-ph.EP},
	Title = {{The transit spectra of Earth and Jupiter}},
	Volume = 242,
	Year = 2014,
	Bdsk-Url-1 = {http://dx.doi.org/10.1016/j.icarus.2014.08.005}}

@article{2015arXiv151003430D,
	Adsnote = {Provided by the SAO/NASA Astrophysics Data System},
	Adsurl = {http://adsabs.harvard.edu/abs/2015arXiv151003430D},
	Archiveprefix = {arXiv},
	Author = {{Dalba}, P.~A. and {Muirhead}, P.~S. and {Fortney}, J.~J. and {Hedman}, M.~M. and {Nicholson}, P.~D. and {Veyette}, M.~J.},
	Eprint = {1510.03430},
	Journal = {ArXiv e-prints},
	Keywords = {Astrophysics - Earth and Planetary Astrophysics},
	Month = oct,
	Primaryclass = {astro-ph.EP},
	Title = {{The Transit Transmission Spectrum of a Cold Gas Giant Planet}},
	Year = 2015}

@article{2015ApJ...801L...8M,
	Adsnote = {Provided by the SAO/NASA Astrophysics Data System},
	Adsurl = {http://adsabs.harvard.edu/abs/2015ApJ...801L...8M},
	Archiveprefix = {arXiv},
	Author = {{Monta{\~n}{\'e}s-Rodr{\'{\i}}guez}, P. and {Gonz{\'a}lez-Merino}, B. and {Pall{\'e}}, E. and {L{\'o}pez-Puertas}, M. and {Garc{\'{\i}}a-Melendo}, E.},
	Doi = {10.1088/2041-8205/801/1/L8},
	Eid = {L8},
	Eprint = {1502.02132},
	Journal = {\apjl},
	Keywords = {eclipses, planets and satellites: atmospheres, planets and satellites: gaseous planets, planets and satellites: individual: Jupiter, Ganymede},
	Month = mar,
	Pages = {L8},
	Primaryclass = {astro-ph.EP},
	Title = {{Jupiter as an Exoplanet: UV to NIR Transmission Spectrum Reveals Hazes, a Na Layer, and Possibly Stratospheric H$_{2}$O-ice Clouds}},
	Volume = 801,
	Year = 2015,
	Bdsk-Url-1 = {http://dx.doi.org/10.1088/2041-8205/801/1/L8}}
